 @misc{spring_Framework,
 title      =   {SpringFramework Docs},
 url        =   {https://docs.spring.io/spring-framework/docs/5.2.x/spring-framework-reference/index.html},
 journal    =   {Spring Framework Documentation},
 author     =   {
                Johnson, Rod and Hoeller, Juergen and Donald, Keith and Sampaleanu, Colin and Harrop, Rob and Risberg, Thomas and Arendsen, Alef and Davison, Darren and Kopylenko, Dmitriy and Pollack, Mark and Templier, Thierry and Vervaet, Erwin and Tung, Portia and Hale, Ben and Colyer, Adrian and Lewis, John and Leau, Costin and Fisher, Mark and Brannen, Sam and Laddad, Ramnivas and Poutsma, Arjen and Beams, Chris and Abedrabbo, Tareq and Clement, Andy and Syer, Dave and Gierke, Oliver and Stoyanchev, Rossen and Webb, Phillip and Winch, Rob and Clozel, Brian and Nicoll, Stephane and Deleuze, Sebastien and Bryant, Jay and Paluch, Mark
                },
 year       =   {2020},
 month      =   {Nov}}
  
@misc{firebasedb, 
  title     =   {Firebase Database},
  url       =   {https://firebase.google.com/docs/database},
  journal   =   {Firebase}}
  
@misc{firebasefs, 
  title     =   {Firebase Cloud Firestore},
  url       =   {https://firebase.google.com/docs/firestore},
  journal   =   {Firebase}}
  
@misc{firebaserc, 
  title     =   {Firebase Remote Config},
  url       =   {https://firebase.google.com/docs/remote-config},
  journal   =   {Firebase}}
  
@misc{firebasecm,
  title     =   {Firebase Cloud messaging},
  url       =   {https://firebase.google.com/docs/cloud-messaging},
  journal   =   {Firebase}}
  
@misc{h2db, 
  title     =   {H2 Database},
  url       =   {https://www.h2database.com/html/main.html},
  journal   =   {H2},
  author    =   {H2}}
  
@misc{dweet,
  url       =   {http://www.dweet.io},
  journal   =   {Dweet.io},
  author    =   {Dweet.io}}
  
@misc{rabbitftrs,
  url       =   {https://www.rabbitmq.com/features.html},
  journal   =   {RabbitMQ},
  author    =   {RabbitMQ}}
  
@misc{thymlf,
  url       =   {https://www.thymeleaf.org},
  journal   =   {Thymeleaf},
  author    =   {Thymeleaf}}
  
@misc{javaserverpages,
  title     =   {Java server pages},
  url       =   {https://www.tutorialspoint.com/jsp/index.htm},
  journal   =   {jsp},
  author    =   {Tutorialspoint}}
  
@misc{springsecurity,
  title     =   {Spring security},
  url       =   {https://spring.io/projects/spring-security},
  journal   =   {Spring Security},
  author    =   {Spring}}